<?xml version="1.0" encoding="UTF-8"?><record xmlns="http://www.loc.gov/MARC21/slim" xmlns:cinclude="http://apache.org/cocoon/include/1.0" xmlns:zs="http://www.loc.gov/zing/srw/">
  <leader>00442nz  a2200145n  4500</leader>
  <controlfield tag="001">no2008007143</controlfield>
  <controlfield tag="003">DLC</controlfield>
  <controlfield tag="005">20080118075410.0</controlfield>
  <controlfield tag="008">080110n| acannaabn          |n aaa     c</controlfield>
  <datafield tag="010" ind1=" " ind2=" ">
    <subfield code="a">no2008007143</subfield>
  </datafield>
  <datafield tag="035" ind1=" " ind2=" ">
    <subfield code="a">(OCoLC)oca07629639</subfield>
  </datafield>
  <datafield tag="040" ind1=" " ind2=" ">
    <subfield code="a">ItFiC</subfield>
    <subfield code="b">eng</subfield>
    <subfield code="c">ItFiC</subfield>
  </datafield>
  <datafield tag="100" ind1="1" ind2=" ">
    <subfield code="a">Berra, Laurana</subfield>
  </datafield>
  <datafield tag="670" ind1=" " ind2=" ">
    <subfield code="a">Nel bozzolo dorato, c2007:</subfield>
    <subfield code="b">t.p. (Laurana Berra) back flap (b. in Milan, Italy)</subfield>
  </datafield>
  <datafield tag="670" ind1=" " ind2=" ">
    <subfield code="a">LC database, Jan. 10, 2008:</subfield>
    <subfield code="b">(hdg.: Berra, Laurana)</subfield>
  </datafield>
</record>